<?xml version="1.0" encoding="UTF-8"?><collection xmlns="http://www.loc.gov/MARC21/slim"><record><leader>00444nam--2200145-i-4500</leader><controlfield tag="001">000017930</controlfield><controlfield tag="002">20161230</controlfield><controlfield tag="005">20161230201032</controlfield><controlfield tag="008">060222s1000------------r-----000-0-eng-d</controlfield><datafield ind1=" " ind2=" " tag="080"><subfield code="a">621.372.54</subfield></datafield><datafield ind1=" " ind2=" " tag="100"><subfield code="a">Feldtkeller, Richard</subfield></datafield><datafield ind1=" " ind2=" " tag="245"><subfield code="a">Einfuhrung in die theorie der hochfrequenz- bandfilter. 4 auflage</subfield></datafield><datafield ind1=" " ind2=" " tag="260"><subfield code="a">Zurich, Hirzel, S. Verlag, 1953. Viii + 196 P</subfield></datafield><datafield ind1=" " ind2=" " tag="490"><subfield code="a">Monographien Der Elektrischen Nachrichtentechnik</subfield></datafield><datafield ind1=" " ind2=" " tag="852"><subfield code="a">10186</subfield></datafield></record></collection>